<record xmlns="http://www.loc.gov/MARC21/slim" xmlns:xsi="http://www.w3.org/2001/XMLSchema-instance" xsi:schemaLocation="http://www.loc.gov/MARC21/slim http://www.loc.gov/standards/marcxml/schema/MARC21slim.xsd"><leader>02270nam a2200385   4500</leader><controlfield tag="001">3063552</controlfield><controlfield tag="003">NNC</controlfield><controlfield tag="006">m        d        </controlfield><controlfield tag="007">cr cn |||m|||a</controlfield><controlfield tag="008">150223s1948    ua      o     000 0 ara d</controlfield><datafield ind1=" " ind2=" " tag="040"><subfield code="a">NNU</subfield><subfield code="b">eng</subfield><subfield code="c">NNU</subfield></datafield><datafield ind1=" " ind2="4" tag="050"><subfield code="a">B753 K53</subfield><subfield code="b">K4 1948</subfield></datafield><datafield ind1="0" ind2=" " tag="100"><subfield code="6">880-01</subfield><subfield code="a">Kindi&#772;,</subfield><subfield code="d">-approximately 873.</subfield></datafield><datafield ind1="1" ind2="0" tag="240"><subfield code="6">880-02</subfield><subfield code="a">Falsafah al-u&#772;la&#769;</subfield></datafield><datafield ind1="1" ind2="0" tag="245"><subfield code="6">880-03</subfield><subfield code="a">Kita&#772;b al-Kindi&#772; ila&#769; al-Mu&#699;tas&#803;im bi-Alla&#772;h fi&#772; al-Falsafah al-u&#772;la&#769;</subfield><subfield code="h">[electronic resource] /</subfield><subfield code="c">H&#803;aqqaqahu waqaddama lahu wa&#699;allaqa &#699;alaihi Ah&#803;mad Fu&#700;a&#772;d al-Ahwa&#772;ni&#772;.</subfield></datafield><datafield ind1=" " ind2=" " tag="260"><subfield code="6">880-04</subfield><subfield code="a">al-Qa&#772;hirah,</subfield><subfield code="b">Da&#772;r Ih&#803;ya&#772;&#700; al-Kutub al-&#699;Arabi&#772;yah,</subfield><subfield code="c">1367 h., 1948 m.</subfield></datafield><datafield ind1=" " ind2=" " tag="300"><subfield code="a">online resource (147 p.)</subfield></datafield><datafield ind1=" " ind2=" " tag="500"><subfield code="a">Part of the Arabic Collections Online (ACO) project, contributed by Columbia University Libraries.</subfield></datafield><datafield ind1=" " ind2=" " tag="504"><subfield code="a">Bibliographical footnotes.</subfield></datafield><datafield ind1=" " ind2=" " tag="533"><subfield code="a">Electronic reproduction.</subfield><subfield code="b">New York, N.Y. :</subfield><subfield code="c">New York University,</subfield><subfield code="d">2015.</subfield><subfield code="5">NNU</subfield></datafield><datafield ind1=" " ind2="0" tag="650"><subfield code="a">Philosophy, Arab.</subfield></datafield><datafield ind1=" " ind2="7" tag="650"><subfield code="a">Philosophy, Arab.</subfield><subfield code="2">fast</subfield><subfield code="0">(OCoLC)fst01060873</subfield></datafield><datafield ind1="1" ind2=" " tag="700"><subfield code="6">880-05</subfield><subfield code="a">Ahwa&#772;ni&#772;, Ah&#803;mad Fu&#700;a&#772;d,</subfield><subfield code="d">-1970,</subfield><subfield code="e">ed.</subfield></datafield><datafield ind1="2" ind2=" " tag="710"><subfield code="a">Columbia University.</subfield><subfield code="b">Libraries.</subfield></datafield><datafield ind1="0" ind2=" " tag="730"><subfield code="a">Arabic Collections Online.</subfield></datafield><datafield ind1="0" ind2="8" tag="776"><subfield code="i">Online version:</subfield><subfield code="a">Kindi&#772;, d. ca. 873.</subfield><subfield code="s">Falsafah al-u&#772;la&#769;</subfield><subfield code="t">Kita&#772;b al-Kindi&#772; ila&#772; al-Mu&#699;tas&#803;im-Bi&#697;lla&#772;h fi&#772; al-Falsafah al-u&#772;la&#772;</subfield><subfield code="d">al-Qa&#772;hirah, Da&#772;r Ihya&#772;&#700; al-Kutub al-&#699;Arabi&#772;yah, 1367 h., 1948 m.</subfield><subfield code="w">(OCoLC)760188479</subfield></datafield><datafield ind1="0" ind2="8" tag="776"><subfield code="i">Print version:</subfield><subfield code="a">Kindi&#772;, -approximately 873.</subfield><subfield code="t">Kita&#772;b al-Kindi&#772; ila&#769; al-Mu&#699;tas&#803;im bi-Alla&#772;h fi&#772; al-Falsafah al-u&#772;la&#769;</subfield><subfield code="w">(NNC)3063552</subfield><subfield code="w">(OCoLC)47760150</subfield></datafield><datafield ind1="4" ind2="0" tag="856"><subfield code="u">http://hdl.handle.net/2333.1/nvx0k88p</subfield></datafield><datafield ind1="0" ind2=" " tag="880"><subfield code="6">100-01/r</subfield><subfield code="a">&#1603;&#1606;&#1583;&#1610;&#1548;</subfield><subfield code="d">-approximately 873.</subfield></datafield><datafield ind1="1" ind2="0" tag="880"><subfield code="6">240-02/r</subfield><subfield code="a">&#1601;&#1604;&#1587;&#1601;&#1577; &#1575;&#1604;&#1571;&#1608;&#1604;&#1609;</subfield></datafield><datafield ind1="1" ind2="0" tag="880"><subfield code="6">245-03/r</subfield><subfield code="a">&#1603;&#1578;&#1575;&#1576; &#1575;&#1604;&#1603;&#1606;&#1583;&#1610; &#1573;&#1604;&#1609; &#1575;&#1604;&#1605;&#1593;&#1578;&#1589;&#1605; &#1576;&#1575;&#1604;&#1604;&#1607; &#1601;&#1610; &#1575;&#1604;&#1601;&#1604;&#1587;&#1601;&#1577; &#1575;&#1604;&#1571;&#1608;&#1604;&#1609; /</subfield><subfield code="c">&#1581;&#1602;&#1602;&#1607; &#1608;&#1602;&#1583;&#1605; &#1604;&#1607; &#1608;&#1593;&#1604;&#1602; &#1593;&#1604;&#1610;&#1607; &#1571;&#1581;&#1605;&#1583; &#1601;&#1572;&#1575;&#1583; &#1575;&#1604;&#1571;&#1607;&#1608;&#1575;&#1606;&#1610;.</subfield></datafield><datafield ind1=" " ind2=" " tag="880"><subfield code="6">260-04/r</subfield><subfield code="a">&#1575;&#1604;&#1602;&#1575;&#1607;&#1585;&#1577;&#1548;</subfield><subfield code="b">&#1583;&#1575;&#1585; &#1575;&#1581;&#1610;&#1575;&#1569; &#1575;&#1604;&#1603;&#1578;&#1576; &#1575;&#1604;&#1593;&#1585;&#1576;&#1610;&#1577;&#1548;</subfield><subfield code="c">1367 &#1607;.&#1548; 1948 &#1605;.</subfield></datafield><datafield ind1="1" ind2=" " tag="880"><subfield code="6">700-05/r</subfield><subfield code="a">&#1575;&#1607;&#1608;&#1575;&#1606;&#1610;&#1548; &#1575;&#1581;&#1605;&#1583; &#1601;&#1572;&#1575;&#1583;&#1548;</subfield><subfield code="d">1970&#1548;</subfield><subfield code="e">&#1591;.</subfield></datafield><datafield ind1=" " ind2=" " tag="959"><subfield code="a">NNU</subfield><subfield code="b">WEB</subfield><subfield code="c">GENI</subfield><subfield code="t">0</subfield><subfield code="m">Electronic access</subfield><subfield code="s">01</subfield></datafield><datafield ind1=" " ind2=" " tag="999"><subfield code="i">NNC_3063552</subfield><subfield code="o">(OCoLC)47760150</subfield><subfield code="s">columbia_aco000110</subfield></datafield></record>